@article{kalman,
    Author = {Kalman, Rudolph Emil},
    Title = {A New Approach to Linear Filtering and Prediction Problems},
    Journal = {Transactions of the ASME--Journal of Basic Engineering},
    Volume = {82},
    Number = {Series D},
    Pages = {35--45},
    Year = {1960}
}

@book{prob,
  title={Probabilistic robotics},
  author={Thrun, Sebastian and Burgard, Wolfram and Fox, Dieter},
  year={2005},
  publisher={MIT press}
}

@inproceedings{ukf1,
  title={New extension of the Kalman filter to nonlinear systems},
  author={Julier, Simon J and Uhlmann, Jeffrey K},
  booktitle={Signal processing, sensor fusion, and target recognition VI},
  volume={3068},
  pages={182--194},
  year={1997},
  organization={International Society for Optics and Photonics}
}

@inproceedings{ukf2,
  title={The unscented Kalman filter for nonlinear estimation},
  author={Wan, Eric A and Van Der Merwe, Rudolph},
  booktitle={Adaptive Systems for Signal Processing, Communications, and Control Symposium 2000. AS-SPCC. The IEEE 2000},
  pages={153--158},
  year={2000},
  organization={Ieee}
}

@article{ukf3,
  title={A new method for the nonlinear transformation of means and covariances in filters and estimators},
  author={Julier, Simon and Uhlmann, Jeffrey and Durrant-Whyte, Hugh F},
  journal={IEEE Transactions on automatic control},
  volume={45},
  number={3},
  pages={477--482},
  year={2000},
  publisher={IEEE}
}


@article{gpf,
  title={Gaussian sum particle filtering},
  author={Kotecha, Jayesh H and Djuric, Petar M},
  journal={IEEE Transactions on signal processing},
  volume={51},
  number={10},
  pages={2602--2612},
  year={2003},
  publisher={IEEE}
}

@techreport{grid1,
  title={Nonlinear filtering},
  author={Bucy, Richard S},
  year={1975},
  institution={University of Southern California, Los Angeles, Dept. of Aerospace Engineering and Mathematics}
}

@incollection{neu2,
  title={Neural Network-Based State Estimation Schemes},
  author={Talebi, Heidar A and Abdollahi, Farzaneh and Patel, Rajni V and Khorasani, Khashayar},
  booktitle={Neural Network-Based State Estimation of Nonlinear Systems},
  pages={15--35},
  year={2010},
  publisher={Springer}
}

@inproceedings{neu1,
  title={Neural network based state estimation of dynamical systems},
  author={Yadaiah, Narri and Sowmya, G},
  booktitle={Neural Networks, 2006. IJCNN'06. International Joint Conference on},
  pages={1042--1049},
  year={2006},
  organization={IEEE}
}

@article{neu3,
  title={Neural networks for nonlinear state estimation},
  author={Parisini, T and Zoppoli, R},
  journal={International Journal of Robust and Nonlinear Control},
  volume={4},
  number={2},
  pages={231--248},
  year={1994},
  publisher={Wiley Online Library}
}

@inproceedings{neu4,
  title={State estimation using artificial neural networks},
  author={Kanekar, Ashish Jayant and Feliachi, Ali},
  booktitle={System Theory, 1990., Twenty-Second Southeastern Symposium on},
  pages={552--556},
  year={1990},
  organization={IEEE}
}

@inproceedings{neu5,
  title={Backprop kf: Learning discriminative deterministic state estimators},
  author={Haarnoja, Tuomas and Ajay, Anurag and Levine, Sergey and Abbeel, Pieter},
  booktitle={Advances in Neural Information Processing Systems},
  pages={4376--4384},
  year={2016}
}


@inproceedings{neuspike1,
  title={A neural network implementing optimal state estimation based on dynamic spike train decoding},
  author={Bobrowski, Omer and Meir, Ron and Shoham, Shy and Eldar, Yonina},
  booktitle={Advances in Neural Information Processing Systems},
  pages={145--152},
  year={2008}
}



@inproceedings{particle1,
  title={Novel approach to nonlinear/non-Gaussian Bayesian state estimation},
  author={Gordon, Neil J and Salmond, David J and Smith, Adrian FM},
  booktitle={IEE Proceedings F-radar and signal processing},
  volume={140},
  number={2},
  pages={107--113},
  year={1993},
  organization={IET}
}

@article{anl1,
  title={Non-linear filtering by approximation of the a posteriori density},
  author={Sorenson, Harold W and Stubbeud, Allen R},
  journal={International Journal of Control},
  volume={8},
  number={1},
  pages={33--51},
  year={1968},
  publisher={Taylor \& Francis}
}

@article{anl2,
  title={Approximations to optimal nonlinear filters},
  author={Kushner, Harold},
  journal={IEEE Transactions on Automatic Control},
  volume={12},
  number={5},
  pages={546--556},
  year={1967},
  publisher={IEEE}
}


@inproceedings{anl3,
  title={New exact nonlinear filters: Theory and applications},
  author={Daum, Frederick E},
  booktitle={Signal and Data Processing of Small Targets 1994},
  volume={2235},
  pages={636--650},
  year={1994},
  organization={International Society for Optics and Photonics}
}



@article{habibi2007smooth,
  title={The smooth variable structure filter},
  author={Habibi, Saeid},
  journal={Proceedings of the IEEE},
  volume={95},
  number={5},
  pages={1026--1059},
  year={2007},
  publisher={IEEE}
}
